<record>
<leader> cam0 22 450 </leader>
<controlfield tag="001">198404050</controlfield>
<controlfield tag="002">38</controlfield>
<controlfield tag="003">http://www.sudoc.fr/198404050</controlfield>
<controlfield tag="004">20170220</controlfield>
<controlfield tag="005">20201118010448.000</controlfield>
<controlfield tag="006">692662101</controlfield>
<controlfield tag="007">692662101</controlfield>
<controlfield tag="008">Aax3</controlfield>
<datafield tag="035" ind1=" " ind2=" ">
<subfield code="a">(OCoLC)986241234</subfield>
</datafield>
<datafield tag="100" ind1=" " ind2=" ">
<subfield code="a">20170220f18 k y0frey50 ba</subfield>
</datafield>
<datafield tag="101" ind1=" " ind2=" ">
<subfield code="a">lat</subfield>
<subfield code="a">fre</subfield>
</datafield>
<datafield tag="102" ind1=" " ind2=" ">
<subfield code="a">FR</subfield>
</datafield>
<datafield tag="105" ind1=" " ind2=" ">
<subfield code="a">ace z 001yy</subfield>
</datafield>
<datafield tag="106" ind1=" " ind2=" ">
<subfield code="a">r</subfield>
</datafield>
<datafield tag="140" ind1=" " ind2=" ">
<subfield code="a">||||ha |||||||||||||</subfield>
</datafield>
<datafield tag="181" ind1=" " ind2=" ">
<subfield code="6">z01</subfield>
<subfield code="c">txt</subfield>
<subfield code="2">rdacontent</subfield>
</datafield>
<datafield tag="181" ind1=" " ind2="1">
<subfield code="6">z01</subfield>
<subfield code="a">i#</subfield>
<subfield code="b">xxxe##</subfield>
</datafield>
<datafield tag="182" ind1=" " ind2=" ">
<subfield code="6">z01</subfield>
<subfield code="c">n</subfield>
<subfield code="2">rdamedia</subfield>
</datafield>
<datafield tag="182" ind1=" " ind2="1">
<subfield code="6">z01</subfield>
<subfield code="a">n</subfield>
</datafield>
<datafield tag="183" ind1=" " ind2="1">
<subfield code="6">z01</subfield>
<subfield code="a">nga</subfield>
<subfield code="2">rdacarrier</subfield>
</datafield>
<datafield tag="200" ind1="1" ind2=" ">
<subfield code="a">
Locupletissimi Rerum Naturalium Thesauri Accurata Descriptio, Et Iconibus Artificiosissimis Expressio, Per Universam Physices Historiam. Opus, Cui, In Hoc Rerum Genere, Nullum Par Exstitit. Ex Toto Terrarum Orbe Collegit, Digessit, Descripsit, Et Depingendum Curavit Albertus Seba, Etzela Oostfrisius, ...
</subfield>
<subfield code="f">[Antoine-Jean Coquebert de Montbret]</subfield>
</datafield>
<datafield tag="214" ind1=" " ind2="1">
<subfield code="a">[Lieu de production inconnu]</subfield>
<subfield code="c">[Antoine-Jean Coquebert de Montbret]</subfield>
<subfield code="d">[18..]</subfield>
</datafield>
<datafield tag="215" ind1=" " ind2=" ">
<subfield code="a">13 vol.</subfield>
<subfield code="c">portr., frontisp, pl. d'ill. en coul.</subfield>
<subfield code="d">in-fol</subfield>
</datafield>
<datafield tag="302" ind1=" " ind2=" ">
<subfield code="a">Texte en latin et en français</subfield>
</datafield>
<datafield tag="304" ind1=" " ind2=" ">
<subfield code="a">Titres en rouge et noir</subfield>
</datafield>
<datafield tag="306" ind1=" " ind2=" ">
<subfield code="a">
Coquebert de Montbret réinterprète la collection de Seba. A partir d'une version noire et blanche du thésaurus, il classe et simplifie le thésaurus selon la méthode de Linné, son travail comprend un découpage des figures de Séba, un coloriage selon les indications de l'aphoticaire. En légende de chaque figure, Coquebert mentionne également les commentaires qu'en donne Seba ainsi que des commentaires d'autres naturalistes. Chaque volume fait l'objet d'une introduction. Après la mort d'Antoine-Jean Coquebert de Montbret en 1825, le manuscrit aurait été complété par son neveu Eugène Coquebert de Montbret
</subfield>
</datafield>
<datafield tag="311" ind1=" " ind2=" ">
<subfield code="a">
Adaptation de l'oeuvre d'Albertus Seba du même titre
</subfield>
</datafield>
<datafield tag="325" ind1="1" ind2=" ">
<subfield code="a">
Document numérisé dans le cadre d'un projet de numérisation du SCD de Lyon 1 : Lyon : Université Claude Bernard Lyon 1, 2017
</subfield>
</datafield>
<datafield tag="327" ind1="|" ind2=" ">
<subfield code="a">
Vol. 1 : tomes 1 et 2 de l'édition de Seba, préface de Boerhaave et de Seba (en latin et en fançais), index, Thesaurus et notes manuscrites d'Antoine-Jean coquebert de Montbret
</subfield>
<subfield code="a">
Vol 2 : tomes 3 et 4, index, thesaurus et notes manuscrites
</subfield>
<subfield code="a">Vol. 3 et 4 : coquilles</subfield>
<subfield code="a">
Vol. 5 : insectes, papillons, spinx, phalènes sans couleur
</subfield>
<subfield code="a">Vol. 6 crabes, cancres, minéraux et botanique</subfield>
<subfield code="a">Vol. 7 et 8 : tortues, crapauds, lézards, oiseaux</subfield>
<subfield code="a">Vol. 8 : poissons</subfield>
<subfield code="a">Vol. 9 : végétaux</subfield>
<subfield code="a">
Vol. 10 : quadripèdes, frontispice et portrait de Seba
</subfield>
<subfield code="a">
Vol. 11 : mollusques, lithophytes et plantes maritimes (coraux et algues)
</subfield>
<subfield code="a">Vol. 12 et 13 : serpents</subfield>
</datafield>
<datafield tag="456" ind1=" " ind2="|">
<subfield code="0">228329922</subfield>
<subfield code="t">
Locupletissimi Rerum Naturalium Thesauri Accurata Descriptio, Et Iconibus Artificiosissimis Expressio, Per Universam Physices Historiam. Opus, Cui, In Hoc Rerum Genere, Nullum Par Exstitit. Ex Toto Terrarum Orbe Collegit, Digessit, Descripsit, Et Depingendum Curavit Albertus Seba, Etzela Oostfrisius, ...
</subfield>
<subfield code="f">[Antoine-Jean Coquebert de Montbret]</subfield>
<subfield code="c">Lyon</subfield>
<subfield code="n">Bibliothèque Lyon 1</subfield>
<subfield code="d">2017</subfield>
</datafield>
<datafield tag="488" ind1=" " ind2="|">
<subfield code="0">100382851</subfield>
<subfield code="t">
Locupletissimi Rerum Naturalium Thesauri Accurata Descriptio, Et Iconibus Artificiosissimis Expressio, Per Universam Physices Historiam. Opus, Cui, In Hoc Rerum Genere, Nullum Par Exstitit. Ex Toto Terrarum Orbe Collegit, Digessit, Descripsit, Et Depingendum Curavit Albertus Seba, Etzela Oostfrisius, ...
</subfield>
<subfield code="c">
Amstelaedami, Apud Janssonio-Waesbergios, J. Wetstenium, Gul. Smith. MDCCXXXIV- [MDCCLXV].
</subfield>
<subfield code="d">[1734-1765]</subfield>
<subfield code="p">
4 vol. ([32-]178 p., 111 pl.; [-32-]154 p., 114 pl., ; [24-]212 p., 116 pl. ; [44-]226 p., 108 pl.)
</subfield>
</datafield>
<datafield tag="517" ind1="|" ind2=" ">
<subfield code="a">
Description exacte des principales curiosités naturelles du magnifique cabinet d'Albert Seba
</subfield>
</datafield>
<datafield tag="579" ind1=" " ind2=" ">
<subfield code="1">0499</subfield>
<subfield code="3">228337844</subfield>
<subfield code="t">
Locupletissimi Rerum Naturalium Thesauri Accurata Descriptio, Et Iconibus Artificiosissimis Expressio, Per Universam Physices Historiam. Opus, Cui, In Hoc Rerum Genere, Nullum Par Exstitit. Ex Toto Terrarum Orbe Collegit, Digessit, Descripsit, Et Depingendum Curavit Albertus Seba, Etzela Oostfrisius, ...
</subfield>
</datafield>
<datafield tag="600" ind1=" " ind2="0">
<subfield code="3">066970563</subfield>
<subfield code="a">Seba</subfield>
<subfield code="b">Albertus</subfield>
<subfield code="f">1665-1736</subfield>
<subfield code="3">028633067</subfield>
<subfield code="x">Critique et interprétation</subfield>
<subfield code="2">rameau</subfield>
</datafield>
<datafield tag="600" ind1=" " ind2="0">
<subfield code="3">066970563</subfield>
<subfield code="a">Seba</subfield>
<subfield code="b">Albertus</subfield>
<subfield code="f">1665-1736</subfield>
<subfield code="3">029471702</subfield>
<subfield code="x">Collections de sciences naturelles</subfield>
<subfield code="2">rameau</subfield>
</datafield>
<datafield tag="600" ind1=" " ind2="0">
<subfield code="3">074786644</subfield>
<subfield code="a">Coquebert de Montbret</subfield>
<subfield code="b">Antoine-Jean</subfield>
<subfield code="f">1753-1825</subfield>
<subfield code="3">029471702</subfield>
<subfield code="x">Collections de sciences naturelles</subfield>
<subfield code="3">027794512</subfield>
<subfield code="z">18e siècle</subfield>
<subfield code="2">rameau</subfield>
</datafield>
<datafield tag="600" ind1=" " ind2="0">
<subfield code="3">074786644</subfield>
<subfield code="a">Coquebert de Montbret</subfield>
<subfield code="b">Antoine-Jean</subfield>
<subfield code="f">1753-1825</subfield>
<subfield code="3">029471702</subfield>
<subfield code="x">Collections de sciences naturelles</subfield>
<subfield code="3">027794059</subfield>
<subfield code="z">19e siècle</subfield>
<subfield code="2">rameau</subfield>
</datafield>
<datafield tag="606" ind1=" " ind2=" ">
<subfield code="3">027654133</subfield>
<subfield code="a">Sciences naturelles</subfield>
<subfield code="x">Collectionneurs et collections</subfield>
<subfield code="3">027803503</subfield>
<subfield code="x">Études comparatives</subfield>
<subfield code="2">rameau</subfield>
</datafield>
<datafield tag="606" ind1=" " ind2=" ">
<subfield code="3">031572901</subfield>
<subfield code="a">Illustration en sciences naturelles</subfield>
<subfield code="3">027794512</subfield>
<subfield code="z">18e siècle</subfield>
<subfield code="2">rameau</subfield>
</datafield>
<datafield tag="606" ind1=" " ind2=" ">
<subfield code="3">031572901</subfield>
<subfield code="a">Illustration en sciences naturelles</subfield>
<subfield code="3">027794059</subfield>
<subfield code="z">19e siècle</subfield>
<subfield code="2">rameau</subfield>
</datafield>
<datafield tag="606" ind1=" " ind2=" ">
<subfield code="3">027228339</subfield>
<subfield code="a">Gravure</subfield>
<subfield code="3">027792692</subfield>
<subfield code="x">Applications scientifiques</subfield>
<subfield code="3">027794512</subfield>
<subfield code="z">18e siècle</subfield>
<subfield code="2">rameau</subfield>
</datafield>
<datafield tag="606" ind1=" " ind2=" ">
<subfield code="3">027228339</subfield>
<subfield code="a">Gravure</subfield>
<subfield code="3">027792692</subfield>
<subfield code="x">Applications scientifiques</subfield>
<subfield code="3">027794059</subfield>
<subfield code="z">19e siècle</subfield>
<subfield code="2">rameau</subfield>
</datafield>
<datafield tag="700" ind1=" " ind2="1">
<subfield code="3">074786644</subfield>
<subfield code="a">Coquebert de Montbret</subfield>
<subfield code="b">Antoine-Jean</subfield>
<subfield code="f">1753-1825</subfield>
<subfield code="4">070</subfield>
</datafield>
<datafield tag="702" ind1=" " ind2="1">
<subfield code="3">177569166</subfield>
<subfield code="a">Coquebert de Montbret</subfield>
<subfield code="b">Eugène</subfield>
<subfield code="4">330</subfield>
</datafield>
<datafield tag="702" ind1=" " ind2="1">
<subfield code="3">066970563</subfield>
<subfield code="a">Seba</subfield>
<subfield code="b">Albertus</subfield>
<subfield code="f">1665-1736</subfield>
<subfield code="4">100</subfield>
</datafield>
<datafield tag="801" ind1=" " ind2="3">
<subfield code="a">FR</subfield>
<subfield code="b">Abes</subfield>
<subfield code="c">20201118</subfield>
<subfield code="g">AFNOR</subfield>
</datafield>
<datafield tag="930" ind1=" " ind2=" ">
<subfield code="5">692662101:579780147</subfield>
<subfield code="b">692662101</subfield>
<subfield code="a">1051</subfield>
</datafield>
<datafield tag="940" ind1=" " ind2=" ">
<subfield code="5">692662101:579780147</subfield>
<subfield code="a">20170509</subfield>
<subfield code="b">x</subfield>
</datafield>
<datafield tag="941" ind1=" " ind2=" ">
<subfield code="5">692662101:579780147</subfield>
<subfield code="a">20170615</subfield>
<subfield code="b">23:03:25.000</subfield>
</datafield>
<datafield tag="991" ind1=" " ind2=" ">
<subfield code="5">692662101:579780147</subfield>
<subfield code="a">
Catalogage rétrospectif-2017-CRE SAI-Lyon1 BU Sciences
</subfield>
<subfield code="b">Monographies</subfield>
</datafield>
</record>